<record><leader>00000cas a2200000 a 4500</leader><controlfield tag="001">69665983</controlfield><controlfield tag="006">m     o  d        </controlfield><controlfield tag="007">cr anu||||||||</controlfield><controlfield tag="008">060601d18571876ohuwr nso     0    0eng c</controlfield><datafield ind1=" " ind2=" " tag="010"><subfield code="a">  2008266642</subfield></datafield><datafield ind1=" " ind2=" " tag="040"><subfield code="a">APSON</subfield><subfield code="b">eng</subfield><subfield code="c">APSON</subfield><subfield code="d">APSON</subfield><subfield code="d">GUA</subfield><subfield code="d">OCLCQ</subfield><subfield code="d">OCLCF</subfield><subfield code="d">OCLCO</subfield></datafield><datafield ind1=" " ind2=" " tag="042"><subfield code="a">pcc</subfield></datafield><datafield ind1=" " ind2=" " tag="043"><subfield code="a">n-us-oh</subfield></datafield><datafield ind1="1" ind2="4" tag="050"><subfield code="a">S1</subfield></datafield><datafield ind1="0" ind2=" " tag="130"><subfield code="a">Ohio farmer (Cleveland, Ohio : 1857 : Online)</subfield></datafield><datafield ind1="1" ind2="4" tag="245"><subfield code="a">The Ohio farmer</subfield><subfield code="h">[electronic resource].</subfield></datafield><datafield ind1="1" ind2="7" tag="246"><subfield code="a">Weekly Ohio farmer</subfield><subfield code="f">&lt;Jan. 7, 1865&gt;</subfield></datafield><datafield ind1=" " ind2=" " tag="260"><subfield code="a">Cleveland, Ohio :</subfield><subfield code="b">Thomas Brown,</subfield><subfield code="c">1857-</subfield></datafield><datafield ind1=" " ind2=" " tag="310"><subfield code="a">Weekly</subfield></datafield><datafield ind1="0" ind2=" " tag="362"><subfield code="a">Vol. 6, no. 1 (Jan. 3, 1857)-</subfield></datafield><datafield ind1="1" ind2=" " tag="362"><subfield code="a">Ceased with v. 49, no. 20 (May 20, 1876).</subfield></datafield><datafield ind1=" " ind2=" " tag="500"><subfield code="a">Title from pdf caption (ProQuest APS Online, viewed Aug. 5, 2008).</subfield></datafield><datafield ind1=" " ind2=" " tag="515"><subfield code="a">Issues for &lt;v. 22, no. 13-v. 49, no. 19&gt; also called &lt;whole no. 1105-whole no. 1370&gt;.</subfield></datafield><datafield ind1=" " ind2=" " tag="530"><subfield code="a">Also issued in print and on microfilm.</subfield></datafield><datafield ind1=" " ind2=" " tag="538"><subfield code="a">Mode of access: World Wide Web.</subfield></datafield><datafield ind1=" " ind2=" " tag="588"><subfield code="a">Latest issue consulted: Vol. 49, no. 19 (May 13, 1876), viewed Aug. 5, 2008.</subfield></datafield><datafield ind1=" " ind2="0" tag="650"><subfield code="a">Agriculture</subfield><subfield code="v">Newspapers.</subfield></datafield><datafield ind1=" " ind2="0" tag="650"><subfield code="a">Agriculture</subfield><subfield code="z">Ohio</subfield><subfield code="v">Newspapers.</subfield></datafield><datafield ind1=" " ind2="0" tag="651"><subfield code="a">Cleveland (Ohio)</subfield><subfield code="v">Newspapers.</subfield></datafield><datafield ind1=" " ind2="0" tag="651"><subfield code="a">Cuyahoga County (Ohio)</subfield><subfield code="v">Newspapers.</subfield></datafield><datafield ind1=" " ind2="7" tag="655"><subfield code="a">Newspapers.</subfield><subfield code="2">fast</subfield><subfield code="0">(OCoLC)fst01423814</subfield></datafield><datafield ind1=" " ind2="7" tag="650"><subfield code="a">Agriculture.</subfield><subfield code="2">fast</subfield><subfield code="0">(OCoLC)fst00801355</subfield></datafield><datafield ind1=" " ind2="7" tag="651"><subfield code="a">Ohio.</subfield><subfield code="2">fast</subfield><subfield code="0">(OCoLC)fst01205075</subfield></datafield><datafield ind1=" " ind2="7" tag="651"><subfield code="a">Ohio</subfield><subfield code="z">Cleveland.</subfield><subfield code="2">fast</subfield><subfield code="0">(OCoLC)fst01205966</subfield></datafield><datafield ind1=" " ind2="7" tag="651"><subfield code="a">Ohio</subfield><subfield code="z">Cuyahoga County.</subfield><subfield code="2">fast</subfield><subfield code="0">(OCoLC)fst01202752</subfield></datafield><datafield ind1=" " ind2=" " tag="752"><subfield code="a">United States</subfield><subfield code="b">Ohio</subfield><subfield code="c">Cuyahoga</subfield><subfield code="d">Cleveland.</subfield></datafield><datafield ind1="1" ind2=" " tag="776"><subfield code="t">Ohio farmer (Cleveland, Ohio : 1857)</subfield><subfield code="w">(DLC)sn 88078703</subfield><subfield code="w">(OCoLC)18268754</subfield></datafield><datafield ind1="0" ind2="0" tag="780"><subfield code="t">Ohio farmer and mechanics' assistant (Online)</subfield><subfield code="w">(DLC)  2008266641</subfield><subfield code="w">(OCoLC)69665855</subfield></datafield><datafield ind1="0" ind2="5" tag="780"><subfield code="t">Ohio cultivator (Online)</subfield><subfield code="w">(DLC)  2008266644</subfield><subfield code="w">(OCoLC)69665476</subfield></datafield><datafield ind1="0" ind2="0" tag="785"><subfield code="t">Ohio practical farmer (Online)</subfield><subfield code="w">(DLC)  2008266643</subfield><subfield code="w">(OCoLC)69666107</subfield></datafield><datafield ind1="4" ind2="0" tag="856"><subfield code="u">http://proquest.umi.com/pdqweb</subfield></datafield></record>